@misc{grand,
      title={GRAND: Graph Neural Diffusion}, 
      author={Benjamin Paul Chamberlain and James Rowbottom and Maria Gorinova and Stefan Webb and Emanuele Rossi and Michael M. Bronstein},
      year={2021},
      eprint={2106.10934},
      archivePrefix={arXiv},
      primaryClass={cs.LG}
}

@article{gst,
  title={Lectures on spectral graph theory},
  author={Chung, Fan RK},
  journal={CBMS Lectures, Fresno},
  volume={6},
  number={92},
  pages={17--21},
  year={1996}
}

@misc{gcn,
      title={Semi-Supervised Classification with Graph Convolutional Networks}, 
      author={Thomas N. Kipf and Max Welling},
      year={2017},
      eprint={1609.02907},
      archivePrefix={arXiv},
      primaryClass={cs.LG}
}

@article{neuralodenet,
  title={Neural ordinary differential equations},
  author={Chen, Ricky TQ and Rubanova, Yulia and Bettencourt, Jesse and Duvenaud, David K},
  journal={Advances in neural information processing systems},
  volume={31},
  year={2018}
}

@misc{gcnoversmoothing,
      title={A Note on Over-Smoothing for Graph Neural Networks}, 
      author={Chen Cai and Yusu Wang},
      year={2020},
      eprint={2006.13318},
      archivePrefix={arXiv},
      primaryClass={cs.LG}
}

@misc{oversmoothing,
      title={A Survey on Oversmoothing in Graph Neural Networks}, 
      author={T. Konstantin Rusch and Michael M. Bronstein and Siddhartha Mishra},
      year={2023},
      eprint={2303.10993},
      archivePrefix={arXiv},
      primaryClass={cs.LG}
}

@ARTICLE{gnn,
  author={Scarselli, Franco and Gori, Marco and Tsoi, Ah Chung and Hagenbuchner, Markus and Monfardini, Gabriele},
  journal={IEEE Transactions on Neural Networks}, 
  title={The Graph Neural Network Model}, 
  year={2009},
  volume={20},
  number={1},
  pages={61-80},
  doi={10.1109/TNN.2008.2005605}}

@misc{resnet,
      title={Deep Residual Learning for Image Recognition}, 
      author={Kaiming He and Xiangyu Zhang and Shaoqing Ren and Jian Sun},
      year={2015},
      eprint={1512.03385},
      archivePrefix={arXiv},
      primaryClass={cs.CV}
}

@misc{gat,
      title={Graph Attention Networks}, 
      author={Petar Veličković and Guillem Cucurull and Arantxa Casanova and Adriana Romero and Pietro Liò and Yoshua Bengio},
      year={2018},
      eprint={1710.10903},
      archivePrefix={arXiv},
      primaryClass={stat.ML}
}

@article{mpnn,
  title={Message passing neural networks},
  author={Gilmer, Justin and Schoenholz, Samuel S and Riley, Patrick F and Vinyals, Oriol and Dahl, George E},
  journal={Machine learning meets quantum physics},
  pages={199--214},
  year={2020},
  publisher={Springer}
}

@misc{llama,
      title={Llama 2: Open Foundation and Fine-Tuned Chat Models}, 
      author={Hugo Touvron and Louis Martin and Kevin Stone and Peter Albert and Amjad Almahairi and Yasmine Babaei and Nikolay Bashlykov and Soumya Batra and Prajjwal Bhargava and Shruti Bhosale and Dan Bikel and Lukas Blecher and Cristian Canton Ferrer and Moya Chen and Guillem Cucurull and David Esiobu and Jude Fernandes and Jeremy Fu and Wenyin Fu and Brian Fuller and Cynthia Gao and Vedanuj Goswami and Naman Goyal and Anthony Hartshorn and Saghar Hosseini and Rui Hou and Hakan Inan and Marcin Kardas and Viktor Kerkez and Madian Khabsa and Isabel Kloumann and Artem Korenev and Punit Singh Koura and Marie-Anne Lachaux and Thibaut Lavril and Jenya Lee and Diana Liskovich and Yinghai Lu and Yuning Mao and Xavier Martinet and Todor Mihaylov and Pushkar Mishra and Igor Molybog and Yixin Nie and Andrew Poulton and Jeremy Reizenstein and Rashi Rungta and Kalyan Saladi and Alan Schelten and Ruan Silva and Eric Michael Smith and Ranjan Subramanian and Xiaoqing Ellen Tan and Binh Tang and Ross Taylor and Adina Williams and Jian Xiang Kuan and Puxin Xu and Zheng Yan and Iliyan Zarov and Yuchen Zhang and Angela Fan and Melanie Kambadur and Sharan Narang and Aurelien Rodriguez and Robert Stojnic and Sergey Edunov and Thomas Scialom},
      year={2023},
      eprint={2307.09288},
      archivePrefix={arXiv},
      primaryClass={cs.CL}
}